%% This BibTeX bibliography file was created using BibDesk.
%% http://bibdesk.sourceforge.net/


%% Created for Manuel Rodriguez at 2019-11-11 05:06:41 -0400 


%% Saved with string encoding Unicode (UTF-8) 



@article{Agrawal_2019,
	Author = {Agrawal, Pulkit and Raman, Sethu and Shah, Vishrut and Shen, Bochao and Sugden, Laura and Zhao, Kaiyu and Wu, Ming-Chuan and Arya, Rajat and Bindal, Aanchal and Bhatia, Sandeep and et al.},
	Date-Added = {2019-11-11 05:06:36 -0400},
	Date-Modified = {2019-11-11 05:06:36 -0400},
	Doi = {10.1145/3299869.3314050},
	Isbn = {9781450356435},
	Journal = {Proceedings of the 2019 International Conference on Management of Data - SIGMOD '19},
	Publisher = {ACM Press},
	Title = {Data Platform for Machine Learning},
	Url = {http://dx.doi.org/10.1145/3299869.3314050},
	Year = {2019},
	Bdsk-Url-1 = {http://dx.doi.org/10.1145/3299869.3314050}}

@article{Sitaridi_2015,
	Author = {Sitaridi, Evangelia A. and Ross, Kenneth A.},
	Date-Added = {2019-11-10 21:41:03 -0400},
	Date-Modified = {2019-11-10 21:41:03 -0400},
	Doi = {10.1007/s00778-015-0409-y},
	Issn = {0949-877X},
	Journal = {The VLDB Journal},
	Month = {Nov},
	Number = {5},
	Pages = {719--740},
	Publisher = {Springer Science and Business Media LLC},
	Title = {GPU-accelerated string matching for database applications},
	Url = {http://dx.doi.org/10.1007/s00778-015-0409-y},
	Volume = {25},
	Year = {2015},
	Bdsk-Url-1 = {http://dx.doi.org/10.1007/s00778-015-0409-y}}

@article{Choksuchat_2018,
	Author = {Choksuchat, Chidchanok and Gorlatch, Sergei and Chantrapornchai, Chantana},
	Date-Added = {2019-11-10 21:40:28 -0400},
	Date-Modified = {2019-11-10 21:40:28 -0400},
	Doi = {10.1145/3167132.3167413},
	Isbn = {9781450351911},
	Journal = {Proceedings of the 33rd Annual ACM Symposium on Applied Computing - SAC '18},
	Publisher = {ACM Press},
	Title = {CBM},
	Url = {http://dx.doi.org/10.1145/3167132.3167413},
	Year = {2018},
	Bdsk-Url-1 = {http://dx.doi.org/10.1145/3167132.3167413}}

@article{You_2013,
	Author = {You, Simin and Zhang, Jianting and Gruenwald, Le},
	Date-Added = {2019-11-10 21:39:24 -0400},
	Date-Modified = {2019-11-10 21:39:24 -0400},
	Doi = {10.1145/2534921.2534949},
	Isbn = {9781450325349},
	Journal = {Proceedings of the 2nd ACM SIGSPATIAL International Workshop on Analytics for Big Geospatial Data - BigSpatial '13},
	Publisher = {ACM Press},
	Title = {Parallel spatial query processing on GPUs using R-trees},
	Url = {http://dx.doi.org/10.1145/2534921.2534949},
	Year = {2013},
	Bdsk-Url-1 = {http://dx.doi.org/10.1145/2534921.2534949}}

@article{Paul_2016,
	Author = {Paul, Johns and He, Jiong and He, Bingsheng},
	Date-Added = {2019-11-10 21:37:53 -0400},
	Date-Modified = {2019-11-10 21:37:53 -0400},
	Doi = {10.1145/2882903.2915224},
	Isbn = {9781450335317},
	Journal = {Proceedings of the 2016 International Conference on Management of Data - SIGMOD '16},
	Publisher = {ACM Press},
	Title = {GPL},
	Url = {http://dx.doi.org/10.1145/2882903.2915224},
	Year = {2016},
	Bdsk-Url-1 = {http://dx.doi.org/10.1145/2882903.2915224}}

@article{Kunft_2019,
	Author = {Kunft, Andreas and Katsifodimos, Asterios and Schelter, Sebastian and Bre{\ss}, Sebastian and Rabl, Tilmann and Markl, Volker},
	Date-Added = {2019-11-10 21:16:25 -0400},
	Date-Modified = {2019-11-10 21:16:25 -0400},
	Doi = {10.14778/3342263.3342633},
	Issn = {2150-8097},
	Journal = {Proceedings of the VLDB Endowment},
	Month = {Jul},
	Number = {11},
	Pages = {1553--1567},
	Publisher = {VLDB Endowment},
	Title = {An intermediate representation for optimizing machine learning pipelines},
	Url = {http://dx.doi.org/10.14778/3342263.3342633},
	Volume = {12},
	Year = {2019},
	Bdsk-Url-1 = {http://dx.doi.org/10.14778/3342263.3342633}}

@article{Zhang_2017,
	Author = {Zhang, Zhao and Sparks, Evan R. and Franklin, Michael J.},
	Date-Added = {2019-11-10 21:14:43 -0400},
	Date-Modified = {2019-11-10 21:14:43 -0400},
	Doi = {10.1145/3078597.3078603},
	Isbn = {9781450346993},
	Journal = {Proceedings of the 26th International Symposium on High-Performance Parallel and Distributed Computing - HPDC '17},
	Publisher = {ACM Press},
	Title = {Diagnosing Machine Learning Pipelines with Fine-grained Lineage},
	Url = {http://dx.doi.org/10.1145/3078597.3078603},
	Year = {2017},
	Bdsk-Url-1 = {http://dx.doi.org/10.1145/3078597.3078603}}

@article{Shang_2019,
	Author = {Shang, Zeyuan and Zgraggen, Emanuel and Buratti, Benedetto and Kossmann, Ferdinand and Eichmann, Philipp and Chung, Yeounoh and Binnig, Carsten and Upfal, Eli and Kraska, Tim},
	Date-Added = {2019-11-10 21:13:50 -0400},
	Date-Modified = {2019-11-10 21:13:50 -0400},
	Doi = {10.1145/3299869.3319863},
	Isbn = {9781450356435},
	Journal = {Proceedings of the 2019 International Conference on Management of Data - SIGMOD '19},
	Publisher = {ACM Press},
	Title = {Democratizing Data Science through Interactive Curation of ML Pipelines},
	Url = {http://dx.doi.org/10.1145/3299869.3319863},
	Year = {2019},
	Bdsk-Url-1 = {http://dx.doi.org/10.1145/3299869.3319863}}

@inproceedings{8622504,
	Author = {C. C. {Garz{\'o}n-Alfonso} and M. {Rodr{\'\i}guez-Mart{\'\i}nez}},
	Booktitle = {2018 IEEE International Conference on Big Data (Big Data)},
	Date-Added = {2019-11-10 21:08:50 -0400},
	Date-Modified = {2019-11-10 21:08:50 -0400},
	Doi = {10.1109/BigData.2018.8622504},
	Keywords = {Big Data;data acquisition;data warehouses;medical information systems;meta data;pattern classification;recurrent neural nets;social networking (online);medical condition;THS system;Health Surveillance system;Twitter Health Surveillance application framework;health officials;big data warehouse;Data Acquisition;Tweet Classification;Big Data Warehousing;medical terms;Twitter;Big Data;Tools;Diseases;Metadata;big data analytics;deep learning;disease detection},
	Month = {Dec},
	Pages = {1647-1654},
	Title = {Twitter Health Surveillance (THS) System},
	Year = {2018},
	Bdsk-Url-1 = {https://doi.org/10.1109/BigData.2018.8622504}}

@inproceedings{8029348,
	Author = {M. {Rodr{\'\i}guez-Martinez}},
	Booktitle = {2017 IEEE International Congress on Big Data (BigData Congress)},
	Date-Added = {2019-11-10 21:06:54 -0400},
	Date-Modified = {2019-11-10 21:06:54 -0400},
	Doi = {10.1109/BigDataCongress.2017.55},
	Keywords = {Big Data;data analysis;health care;Java;medical information systems;parallel programming;social networking (online);software tools;Twitter health surveillance system;THS system;social media;public opinion;big data analytics;single-server solutions;software tools;Java/Scala programs;Python scripts;THS application framework;user-defined functions;Apache Hadoop Ecosystem;Twitter;Dictionaries;Picture archiving and communication systems;Big Data;Monitoring;Sparks;big data analytics;streaming;use-defined functions;Twitter;social media},
	Month = {June},
	Pages = {376-383},
	Title = {Experiences with the Twitter Health Surveillance (THS) System},
	Year = {2017},
	Bdsk-Url-1 = {https://doi.org/10.1109/BigDataCongress.2017.55}}

@article{320249,
	Address = {New York, NY, USA},
	Author = {Chaudhuri, Surajit and Shim, Kyuseok},
	Doi = {http://doi.acm.org/10.1145/320248.320249},
	Issn = {0362-5915},
	Journal = {ACM Trans. Database Syst.},
	Number = {2},
	Pages = {177--228},
	Publisher = {ACM},
	Title = {Optimization of queries with user-defined predicates},
	Volume = {24},
	Year = {1999},
	Bdsk-Url-1 = {http://doi.acm.org/10.1145/320248.320249}}

@inproceedings{170078,
	Address = {New York, NY, USA},
	Author = {Hellerstein, Joseph M. and Stonebraker, Michael},
	Booktitle = {SIGMOD '93: Proceedings of the 1993 ACM SIGMOD international conference on Management of data},
	Doi = {http://doi.acm.org/10.1145/170035.170078},
	Isbn = {0-89791-592-5},
	Location = {Washington, D.C., United States},
	Pages = {267--276},
	Publisher = {ACM},
	Title = {Predicate migration: optimizing queries with expensive predicates},
	Year = {1993},
	Bdsk-Url-1 = {http://doi.acm.org/10.1145/170035.170078}}

@techreport{epareport,
	Author = {US Environmental Protection Agency,},
	Date-Added = {2009-12-16 23:11:08 -0400},
	Date-Modified = {2009-12-16 23:13:14 -0400},
	Title = {Report to Congress on Server and Data Center Efficiency: Public Law 109- 431},
	Year = {2007}}

@article{191874,
	Address = {New York, NY, USA},
	Author = {Chen, Chungmin Melvin and Roussopoulos, Nick},
	Doi = {http://doi.acm.org/10.1145/191843.191874},
	Issn = {0163-5808},
	Journal = {SIGMOD Rec.},
	Number = {2},
	Pages = {161--172},
	Publisher = {ACM},
	Title = {Adaptive selectivity estimation using query feedback},
	Volume = {23},
	Year = {1994},
	Bdsk-Url-1 = {http://doi.acm.org/10.1145/191843.191874}}

@inproceedings{672349,
	Address = {San Francisco, CA, USA},
	Author = {Stillger, Michael and Lohman, Guy M. and Markl, Volker and Kandil, Mokhtar},
	Booktitle = {VLDB '01: Proceedings of the 27th International Conference on Very Large Data Bases},
	Isbn = {1-55860-804-4},
	Pages = {19--28},
	Publisher = {Morgan Kaufmann Publishers Inc.},
	Title = {LEO - DB2's LEarning Optimizer},
	Year = {2001}}

@article{1453977,
	Author = {Chaudhuri, Surajit and Narasayya, Vivek and Ramamurthy, Ravi},
	Doi = {http://doi.acm.org/10.1145/1453856.1453977},
	Issn = {2150-8097},
	Journal = {Proc. VLDB Endow.},
	Number = {1},
	Pages = {1141--1152},
	Publisher = {VLDB Endowment},
	Title = {A pay-as-you-go framework for query execution feedback},
	Volume = {1},
	Year = {2008},
	Bdsk-Url-1 = {http://doi.acm.org/10.1145/1453856.1453977}}

@inproceedings{130291,
	Address = {New York, NY, USA},
	Author = {Ganguly, Sumit and Hasan, Waqar and Krishnamurthy, Ravi},
	Booktitle = {SIGMOD '92: Proceedings of the 1992 ACM SIGMOD international conference on Management of data},
	Doi = {http://doi.acm.org/10.1145/130283.130291},
	Isbn = {0-89791-521-6},
	Location = {San Diego, California, United States},
	Pages = {9--18},
	Publisher = {ACM},
	Title = {Query optimization for parallel execution},
	Year = {1992},
	Bdsk-Url-1 = {http://doi.acm.org/10.1145/130283.130291}}

@article{powerprop,
	Author = {L. A. Barroso and U. H\"olzle.},
	Date-Added = {2009-12-14 17:29:02 -0400},
	Date-Modified = {2009-12-14 17:33:36 -0400},
	Journal = {IEEE Computer},
	Number = {12},
	Pages = {33--37},
	Title = {The Case for Energy-Proportional Computing},
	Volume = {40},
	Year = {2007}}

@misc{nypower,
	Author = {New York City Energy Policy Task Force},
	Date-Added = {2009-12-14 06:47:20 -0400},
	Date-Modified = {2009-12-14 06:58:09 -0400},
	Howpublished = {A Report to Mayor Michael R. Bloomberg on January 2004, URL: http://www.nyc.gov/html/om/pdf/energy\_task\_force.pdf},
	Title = {New York City Energy Policy: An Electricity Resource Roadmap}}

@book{circuitbook,
	Author = {W. Hayt and J. Kemmerly and S. Durbin},
	Date-Added = {2009-12-14 06:44:56 -0400},
	Date-Modified = {2009-12-14 06:45:56 -0400},
	Publisher = {McGraw-Hill},
	Title = {Engineering Circuit Analysis, 7th ed.},
	Year = {2007}}

@article{sharednothing,
	Author = {M. Stonebraker},
	Date-Added = {2009-12-13 21:13:19 -0400},
	Date-Modified = {2009-12-13 21:14:38 -0400},
	Journal = {Database Engineering},
	Number = {1},
	Title = {The Case for Shared-Nothing},
	Volume = {9},
	Year = {1986}}

@inproceedings{CStore,
	Address = {Trondheim, Norway},
	Author = {M. Stonebraker and et. al.},
	Booktitle = {Proc. 2005 VLDB Conference},
	Date-Added = {2009-12-13 21:06:02 -0400},
	Date-Modified = {2009-12-13 21:08:00 -0400},
	Pages = {553-564},
	Title = {C-Store: a column-oriented DBMS},
	Year = {2005}}

@inproceedings{XPRS,
	Address = {LA,CA, USA},
	Author = {M. Stonebraker and R. Katz and D. Patterson and J. Ousterhout},
	Booktitle = {Proc. of VLDB},
	Date-Added = {2009-12-13 20:58:53 -0400},
	Date-Modified = {2009-12-13 21:00:30 -0400},
	Pages = {318-330},
	Title = {The Design of XPRS},
	Year = {1998}}

@article{Gamma,
	Author = {D. DeWitt and et. al.},
	Date-Added = {2009-12-13 20:55:12 -0400},
	Date-Modified = {2009-12-13 21:01:41 -0400},
	Journal = {IEEE Transactions of Knowledge and Data Engineering},
	Number = {1},
	Pages = {44-62},
	Title = {The Gamma Database Machine Project},
	Volume = {2},
	Year = {1990}}

@inproceedings{98740,
	Address = {Atlantic City, NJ, USA},
	Author = {Ioannidis, Y. E. and Kang, Younkyung},
	Booktitle = {SIGMOD '90: Proceedings of the 1990 ACM SIGMOD international conference on Management of Data},
	Date-Added = {2009-12-13 20:40:44 -0400},
	Date-Modified = {2009-12-13 20:42:35 -0400},
	Pages = {312--321},
	Title = {Randomized algorithms for optimizing large join queries},
	Year = {1990}}

@article{powerstrug,
	Author = {Raghavendra, Ramya and Ranganathan, Parthasarathy and Talwar, Vanish and Wang, Zhikui and Zhu, Xiaoyun},
	Date-Added = {2009-12-12 16:58:16 -0400},
	Date-Modified = {2009-12-12 17:00:14 -0400},
	Journal = {SIGOPS Oper. Syst. Rev.},
	Number = {2},
	Pages = {48-59},
	Title = {No "power" struggles: coordinated multi-level power management for the data center},
	Volume = {42},
	Year = {2008}}

@manual{tpce,
	Author = {TPC},
	Date-Added = {2009-11-04 21:24:11 -0400},
	Date-Modified = {2009-11-04 21:28:35 -0400},
	Organization = {Transaction Processing Council},
	Title = {TPC E Benchmark Specification, version 1.9.0},
	Year = {2009}}

@inproceedings{1247542,
	Address = {Beijing, China},
	Author = {Badrish Chandramouli and Christopher N. Bond and Shivnath Babu and Jun Yang},
	Booktitle = {SIGMOD '07: Proceedings of the 2007 ACM SIGMOD international conference on Management of data},
	Date-Added = {2009-10-31 12:48:39 -0400},
	Date-Modified = {2009-10-31 12:50:57 -0400},
	Pages = {557--568},
	Title = {Query suspend and resume},
	Year = {2007}}

@inproceedings{cite-key,
	Date-Added = {2009-10-31 12:45:44 -0400},
	Date-Modified = {2009-10-31 12:45:44 -0400}}

@inproceedings{335420,
	Address = {Dallas, TX, USA},
	Author = {Ron Avnur and Joseph M.Hellerstein},
	Booktitle = {SIGMOD '00: Proceedings of the 2000 ACM SIGMOD international conference on Management of data},
	Date-Added = {2009-10-31 12:05:43 -0400},
	Date-Modified = {2009-10-31 12:07:05 -0400},
	Pages = {261--272},
	Title = {Eddies: continuously adaptive query processing},
	Year = {2000}}

@inproceedings{276315,
	Address = {Seattle, WA, USA},
	Author = {Navin Kabra and David J. DeWitt},
	Booktitle = {SIGMOD '98: Proceedings of the 1998 ACM SIGMOD international conference on Management of data},
	Date-Added = {2009-10-31 11:57:04 -0400},
	Date-Modified = {2009-10-31 11:58:29 -0400},
	Pages = {106--117},
	Title = {Efficient mid-query re-optimization of sub-optimal query execution plans},
	Year = {1998}}

@inproceedings{276317,
	Address = {Seattle, WA, United States},
	Author = {Tolga Urhan and Michael J. Franklin and Laurent Amsaleg},
	Booktitle = {SIGMOD '98: Proceedings of the 1998 ACM SIGMOD international conference on Management of data},
	Date-Added = {2009-10-31 11:51:12 -0400},
	Date-Modified = {2009-10-31 11:53:20 -0400},
	Pages = {130--141},
	Title = {Cost-based query scrambling for initial delays},
	Year = {1998}}

@article{aries,
	Author = {C. Mohan and Don Haderle and Bruce Lindsay and Hamid Pirahesh and Peter Schwarz},
	Date-Added = {2009-10-31 11:28:30 -0400},
	Date-Modified = {2009-10-31 11:32:48 -0400},
	Journal = {ACM TODS},
	Number = {1},
	Pages = {94-162},
	Title = {ARIES: a transaction recovery method supporting fine-granularity locking and partial rollbacks using write-ahead logging},
	Volume = {17},
	Year = {1992}}

@article{recoveryR,
	Author = {Jim Gray and Paul McJones and Mike Blasgen and Bruce Lindsay and Raymond Lorie and Tom Price and Franco Putzolu and Irving Traiger},
	Date-Added = {2009-10-31 11:25:17 -0400},
	Date-Modified = {2009-10-31 11:27:36 -0400},
	Journal = {ACM Comput. Surv.},
	Number = {2},
	Pages = {223-242},
	Title = {The Recovery Manager of the System R Database Manager},
	Volume = {13},
	Year = {1981}}

@inproceedings{hadoopdb,
	Author = {Azza Abouzeid and Kamil Bajda-Pawlikowski and Daniel J. Abadi and Avi Silberschatz and Alex Rasin.},
	Booktitle = {VLDB 2009},
	Date-Added = {2009-10-30 13:17:52 -0400},
	Date-Modified = {2009-10-30 13:21:27 -0400},
	Title = {HadoopDB: An Architectural Hybrid of MapReduce and DBMS Technologies for Analytical Workloads},
	Year = {2009}}

@inproceedings{1247528,
	Author = {Wang, Rui and Salzberg, Betty and Lomet, David},
	Booktitle = {SIGMOD '07},
	Date-Added = {2009-10-29 11:53:17 -0400},
	Date-Modified = {2009-10-29 11:54:10 -0400},
	Pages = {425--436},
	Title = {Log-based recovery for middleware servers},
	Year = {2007}}

@inproceedings{130312,
	Address = {San Diego, California, United States},
	Author = {Franklin, Michael J. and Zwilling, Michael J. and Tan, C. K. and Carey, Michael J. and DeWitt, David J.},
	Booktitle = {SIGMOD '92},
	Date-Added = {2009-10-29 11:40:13 -0400},
	Date-Modified = {2009-10-29 11:41:08 -0400},
	Pages = {165--174},
	Title = {Crash recovery in client-server EXODUS},
	Year = {1992}}

@inproceedings{1376645,
	Author = {Brantner, Matthias and Florescu, Daniela and Graf, David and Kossmann, Donald and Kraska, Tim},
	Booktitle = {SIGMOD '08},
	Date-Added = {2009-10-29 11:37:29 -0400},
	Date-Modified = {2009-10-29 11:38:34 -0400},
	Pages = {251--264},
	Series = {ACM},
	Title = {Building a database on S3},
	Year = {2008}}

@inproceedings{nettraveler,
	Address = {Washington, DC, USA},
	Author = {Vargas-Figueroa, Elliot A. and Rodriguez-Martinez, Manuel},
	Booktitle = {AICT-ICIW '06},
	Date-Added = {2009-10-29 11:02:13 -0400},
	Date-Modified = {2009-10-29 11:03:57 -0400},
	Publisher = {IEEE Computer Society},
	Title = {Design and Implementation of the NetTraveler Middleware System based on Web Services},
	Year = {2006}}

@article{DBLP:journals/csur/Graefe93,
	Author = {Goetz Graefe},
	Date-Added = {2009-10-29 09:57:38 -0400},
	Date-Modified = {2009-10-29 09:59:16 -0400},
	Journal = {ACM Comput. Surv.},
	Number = {2},
	Pages = {73-170},
	Title = {Query Evaluation Techniques for Large Databases},
	Volume = {25},
	Year = {1993}}

@inproceedings{Economou,
	Address = {San Diego, CA},
	Author = {Dimitris Economou and Suzanne Rivoire and Christos Kozyrakis and Partha Ranganathan},
	Booktitle = {Workshop on Modeling Benchmarking and Simulation (MOBS) at ISCA},
	Date-Added = {2009-07-30 11:33:13 -0400},
	Date-Modified = {2009-12-13 21:11:15 -0400},
	Month = {June},
	Title = {Full-System Power Analysis and Modeling for Server Environments},
	Year = {2006}}

@article{Ahmed1,
	Author = {Rafi {Ahmed} and Philippe {De Smedt} and Weimin {Du} and William {Kent} and Mohammad A. {Ketabchi} and Witold A. {Litwin} and Abbas {Rafii} and Ming-Chien {Shan}},
	Journal = {IEEE Computer},
	Pages = {19--27},
	Title = {The Pegasus Heterogeneous Multidatabase System},
	Year = 1991}

@misc{apache2,
	Author = {Apache Software Foundation},
	Title = {Web Services Axis},
	Url = {http://ws.apache.org/axis/index.html},
	Bdsk-Url-1 = {http://ws.apache.org/axis/index.html}}

@article{Astrahan3,
	Author = {M. {Astrahan}},
	Journal = {ACM Transactions of Database Systems},
	Number = 2,
	Pages = {97--137},
	Title = {System R: Relational Approach to Database Management},
	Volume = 1,
	Year = 1976}

@article{Davidson4,
	Author = {S. B. {Davidson} and C. {Overton} and P. {Buneman}},
	Journal = {J. Computational Biology},
	Pages = {557--572},
	Title = {Challenges in Integrating Biological Data Sources},
	Volume = 2,
	Year = 1995}

@article{Davidson5,
	Author = {S. B. {Davidson} and J. {Crabtree} and P. {Brunk} and J. {Schug} and V. {Tannen} and G. C.{Overton} and C. J. {Stoeckert}},
	Journal = {IBM SYSTEM Journal},
	Number = 2,
	Title = {K2/Kleisli and GUS: Experiments in integrated access to genomic data sources},
	Volume = 40,
	Year = 2001}

@inproceedings{Delis6,
	Address = {Vancouver, British Columbia, Canada},
	Author = {	Alexios {Delis} and Nick {Roussopoulos}},
	Booktitle = {18th International Conference on Very Large Data Bases},
	Pages = {610--623},
	Title = {Performance and Scalability of Client-Server Database Architectures},
	Year = 1992}

@inproceedings{DeWitt7,
	Author = {David J. {DeWitt} and Navin {Kabra} and Jun {Luo} and Jignesh M. {Patel} and Jie-Bing {Yu}},
	Booktitle = {20th International Conference on Very Large Data Bases},
	Pages = {558--569},
	Title = {Client-Server Paradise},
	Year = 1994}

@phdthesis{Dorigo8,
	Author = {Marco {Dorigo}},
	School = {Politecnico di Milano, Dipartamento di Electtronica},
	Title = {Optimization, Learning and Natural Algorithms (in Italian)},
	Year = 1992}

@article{Dorigo9,
	Author = {Marco {Dorigo} and Gianni {Di Caro} and Luca M. {Gambardella}},
	Journal = {Artificial Life},
	Number = 2,
	Pages = {137--172},
	Title = {Ant Algorithms for Discrete Optimization},
	Volume = 5,
	Year = 1999}

@article{Eckman10,
	Author = {Barbara A. {Eckman}and Anthony S. {Kosky} and Leonardo A. {Laroco, Jr}},
	Journal = {Bioinformatics},
	Number = 7,
	Pages = {587--601},
	Title = {Extending traditional query-based integration approaches for functional characterization of post-genomic data},
	Volume = 17,
	Year = 2001}

@article{Frishman11,
	Author = {D. {Frishman} and K. {Heumann} and A. {Lesk} and H.W. {Mewes}},
	Journal = {Bioinformatics},
	Pages = {551--561},
	Title = {Comprehensive, comprehensible, distributed and intelligent databases: current status},
	Volume = 14,
	Year = 1998}

@article{Goble12,
	Author = {C. A. {Goble} and R. {Stevens} and G. {Ng} and S. {Bechhofer} and N. W. {Paton} and P. G. {Baker} and M. {Peim} and A. {Brass}},
	Journal = {IBM SYSTEMS JOURNAL},
	Number = 2,
	Title = {Transparent Access to Multiple Bioinformatics Information Sources},
	Volume = 40,
	Year = 2001}

@inproceedings{Griffiths13,
	Address = {Boston, Massachusetts, USA},
	Author = {P. {Griffiths Selinger} and M. M. {Astrahan} and D. D. {Chamberlin} and R.A. {Lorie} and T. G. {Price}},
	Booktitle = {ACM SIGMOD Conference},
	Pages = {23--34},
	Title = {AccessPath Selection in a Relational Database Management System},
	Year = 1979}

@book{Glover14,
	Author = {Fred {Glover} and Manuel {Laguna}},
	Publisher = {Kluver Academic Publisher},
	Title = {Tabu Search},
	Year = 1997}

@article{Grasse15,
	Author = {Paul Pier {Grass\'{e}}},
	Journal = {Insectes Sociaux},
	Pages = {41--81},
	Title = {La reconstruction du nid et les coordinations interindividuelles chez bellicositermes natalensis et cubitermes sp. La th\'{e}orie de la stigmergie: essai d\'interpr\'{e}tation du comportement des termites constructeurs},
	Volume = 6,
	Year = 1959}

@article{Haas16,
	Author = {L. M. {Haas} and P. M. {Schwarz} and P. {Kodali} an, E. {Kotlar} and J. E. {Rice} and W. C. {Swope}},
	Journal = {IBM SYSTEMS JOURNAL},
	Number = 2,
	Pages = 489,
	Title = {DiscoveryLink: A system for integrated access to life sciences data sources},
	Volume = 40,
	Year = 2001}

@inproceedings{Hernandez17,
	Author = {Thomas {Hernandez} and Subbarao {Kambhampati}},
	Booktitle = {ACM SIGMOD Conference},
	Month = sep,
	Pages = {51--60},
	Title = {Integration of biological sources: current systems and challenges ahead},
	Volume = 33,
	Year = 2004}

@misc{Informix18,
	Author = {Informix Corporation},
	Title = {Virtual Table Interface Programmer's Guide}}

@article{Kemp19,
	Author = {Graham {Kemp} and Nicos {Angelopoulos} and Peter M. {Gray}},
	Journal = {IEEE TRANSACTIONS ON INFORMATION TECHNOLOGY IN BIOMEDICINE},
	Month = jun,
	Number = 2,
	Title = {Architecture of a Mediator for a Bioinformatics Database Federation},
	Volume = 6,
	Year = 2002}

@article{Kossmann20,
	Author = {Donald {Kossmann}},
	Journal = {ACM Computing Surveys},
	Month = dec,
	Number = 4,
	Pages = {422--469},
	Title = {The State of the Art in Distributed Query Processing},
	Volume = 32,
	Year = 2000}

@misc{Lopez22,
	Author = {R. {Lopez}},
	Howpublished = {Presentation},
	Organization = {Universidad Autonoma de Madrid},
	Title = {SRS - Sequence Retrieval System},
	Url = {http://www.pdg.cnb.uam.es/cursos/BioInfo2001/pages/-SRS/},
	Year = 2001,
	Bdsk-Url-1 = {http://www.pdg.cnb.uam.es/cursos/BioInfo2001/pages/-SRS/}}

@article{Markowitz23,
	Author = {Victor M. {Markowitz} and Otto {Ritter}},
	Journal = {Journal of Computational Biology},
	Number = 4,
	Pages = {547--56},
	Title = {Characterizing Heterogeneous Molecular Biology Database Systems},
	Volume = 2,
	Year = 1995}

@misc{Oracle24,
	Author = {Oracle Corporation},
	Title = {Oracle Transparent Gateways},
	Url = {http://www.oracle.com/gateways/html/transparent.html},
	Bdsk-Url-1 = {http://www.oracle.com/gateways/html/transparent.html}}

@misc{Ramirez25,
	Author = {Oracle Corporation},
	Title = {BioWeb Project Description},
	Year = 2004}

@article{Schonbach29,
	Author = {Christian {Sch\"{o}nbach} and Peter {Kowalski Saunders} and Vladimir {Brusic}},
	Journal = {Briefings in Bioinformatics},
	Number = 2,
	Pages = {190--198},
	Title = {Data warehousing in molecular biology},
	Volume = 1,
	Year = 2000}

@article{Stein30,
	Author = {Lincoln. D. {Stein}},
	Journal = {Nature Reviews Genetics},
	Number = 5,
	Pages = {337--345},
	Title = {Integrating Biological Databases},
	Volume = 4,
	Year = 2003}

@article{Stein31,
	Author = {L. D. {Stein} and S. {Cartinhour} and D. {Thierry Mieg} and J. {Thierry Mieg}},
	Journal = {Gene},
	Number = 1,
	Pages = {39--43},
	Title = {JADE: An approach for interconnecting bioinformatics databases},
	Volume = 209,
	Year = 1998}

@misc{Sybase33,
	Author = {Sybase Corporation},
	Title = {Data Access Migration},
	Url = {http://www.sybase.com/products/entcon/daccess.html},
	Year = 1999,
	Bdsk-Url-1 = {http://www.sybase.com/products/entcon/daccess.html}}

@book{Ozsu34,
	Author = {M. {Tamer \"{O}zsu} and Patrick {Valdurie}},
	Publisher = {PrenticeHall},
	Title = {Principles of Distributed Database Systems},
	Year = 1991}

@inproceedings{Vargas35,
	Address = {Washington, DC, USA},
	Author = {Elliot A. Vargas-Figueroa and Manuel Rodriguez-Martinez},
	Booktitle = {AICT-ICIW '06: Proceedings of the Advanced Int'l Conference on Telecommunications and Int'l Conference on Internet and Web Applications and Services},
	Doi = {http://dx.doi.org/3F8D439E-92CB-4072-B749-9D53FD181923},
	Isbn = {0-7695-2522-9},
	Pages = {138},
	Publisher = {IEEE Computer Society},
	Title = {Design and Implementation of the NetTraveler Middleware System based on Web Services},
	Year = {2006},
	Bdsk-Url-1 = {http://dx.doi.org/3F8D439E-92CB-4072-B749-9D53FD181923}}

@techreport{Williams36,
	Author = {R. {Williams} and D. {Daniels} and L. {Haas} and G. {Lapis} and B. {Lindsay} and P. {Ng} and R. {Obermarck} and P. {Selinger} and A. {Walker} and R. {Yost}},
	Institution = {IBM Almaden Research Center},
	Title = {R*: An Overview of the Architecture},
	Year = 1981}

@inproceedings{Chungmin37,
	Address = {New York, NY, USA},
	Author = {Chungmin Melvin Chen and Nick Roussopoulos},
	Booktitle = {SIGMOD '94: Proceedings of the 1994 ACM SIGMOD international conference on Management of data},
	Doi = {http://doi.acm.org/10.1145/191839.191874},
	Isbn = {0-89791-639-5},
	Location = {Minneapolis, Minnesota, United States},
	Pages = {161--172},
	Publisher = {ACM Press},
	Title = {Adaptive selectivity estimation using query feedback},
	Year = {1994},
	Bdsk-Url-1 = {http://doi.acm.org/10.1145/191839.191874}}

@misc{java,
	Author = {Sun Microsystems},
	Title = {Java Technologies},
	Url = {http://java.sun.com/javase/technologies/core/basic/rmi/index.jsp},
	Year = 2007,
	Bdsk-Url-1 = {http://java.sun.com/javase/technologies/core/basic/rmi/index.jsp}}

@inproceedings{blum,
	Address = {Porto, Portugal},
	Author = {C.~Blum and A.~Roli and M.~Dorigo},
	Booktitle = {Proceedings of MIC'2001 -- Meta--heuristics International Conference},
	Note = {Also available as technical report TR/IRIDIA/2001-16, IRIDIA, Universit\'{e} Libre de Bruxelles},
	Pages = {399--403},
	Title = {{HC--ACO}: The Hyper-cube Framework for {Ant Colony Optimization}},
	Url = {citeseer.ist.psu.edu/blum01hcaco.html},
	Volume = {2},
	Year = {2001},
	Bdsk-Url-1 = {citeseer.ist.psu.edu/blum01hcaco.html}}

@book{DorigoB,
	Author = {Dorigo, Marco and Stutzle, Thomas},
	Publisher = {The MIT Press},
	Title = {Ant Colony Optimization},
	Year = 2004}

@inproceedings{Bouzeghoub,
	Address = {New York, NY, USA},
	Author = {Mokrane Bouzeghoub},
	Booktitle = {IQIS '04: Proceedings of the 2004 international workshop on Information quality in information systems},
	Doi = {http://doi.acm.org/10.1145/1012453.1012464},
	Isbn = {1-58113-902-0},
	Location = {Paris, France},
	Pages = {59--67},
	Publisher = {ACM},
	Title = {A framework for analysis of data freshness},
	Year = {2004},
	Bdsk-Url-1 = {http://doi.acm.org/10.1145/1012453.1012464}}

@inproceedings{Segev,
	Address = {Washington, DC, USA},
	Author = {Arie Segev and Weiping Fang},
	Booktitle = {Proceedings of the Sixth International Conference on Data Engineering},
	Isbn = {0-8186-2025-0},
	Pages = {512--520},
	Publisher = {IEEE Computer Society},
	Title = {Currency-Based Updates to Distributed Materialized Views},
	Year = {1990}}

@article{Wang,
	Address = {Armonk, NY, USA},
	Author = {Richard Y. Wang and Diane M. Strong},
	Issn = {0742-1222},
	Journal = {J. Manage. Inf. Syst.},
	Number = {4},
	Pages = {5--33},
	Publisher = {M. E. Sharpe, Inc.},
	Title = {Beyond accuracy: what data quality means to data consumers},
	Volume = {12},
	Year = {1996}}

@inproceedings{theodoratos,
	Author = {Dimitri Theodoratos and Mokrane Bouzeghoub},
	Booktitle = {Design and Management of Data Warehouses},
	Pages = {15},
	Title = {Data Currency Quality Factors in Data Warehouse Design},
	Url = {citeseer.ist.psu.edu/theodoratos99data.html},
	Year = {1999},
	Bdsk-Url-1 = {citeseer.ist.psu.edu/theodoratos99data.html}}

@inproceedings{Gancarski,
	Address = {Greece},
	Author = {S. Gancarski and C. Le Pape and P.Valduriez},
	Booktitle = {5th Workshop on Distributed Data and Structures},
	Pages = {4},
	Title = {Relaxing Freshness to Improve Load Balancing in a Cluster of Autonomous Replicated Databases},
	Year = {2003}}

@article{Cho,
	Address = {New York, NY, USA},
	Author = {Junghoo Cho and Hector Garcia-Molina},
	Doi = {http://doi.acm.org/10.1145/335191.335391},
	Issn = {0163-5808},
	Journal = {SIGMOD Rec.},
	Number = {2},
	Pages = {117--128},
	Publisher = {ACM},
	Title = {Synchronizing a database to improve freshness},
	Volume = {29},
	Year = {2000},
	Bdsk-Url-1 = {http://doi.acm.org/10.1145/335191.335391}}

@book{Papoulis,
	Author = {Athanasios Papoulis and S. Unnikrishna Pillai},
	Edition = 3,
	Publisher = {McGraw Hill},
	Title = {Probability, Random Variables and Stochastic Processes},
	Year = 1991}

@article{webagents,
	Address = {Amsterdam, The Netherlands, The Netherlands},
	Author = {Eichmann,, David},
	Doi = {http://dx.doi.org/10.1016/0169-7552(95)00107-3},
	Issn = {0169-7552},
	Journal = {Comput. Netw. ISDN Syst.},
	Number = {1-2},
	Pages = {127--136},
	Publisher = {Elsevier Science Publishers B. V.},
	Title = {Ethical Web agents},
	Volume = {28},
	Year = {1995},
	Bdsk-Url-1 = {http://dx.doi.org/10.1016/0169-7552(95)00107-3}}

@article{ethicswright1,
	Author = {David R. Wright},
	Bibsource = {DBLP, http://dblp.uni-trier.de},
	Ee = {http://arxiv.org/abs/0706.0484},
	Journal = {CoRR},
	Title = {Motivation, Design, and Ubiquity: A Discussion of Research Ethics and Computer Science},
	Volume = {abs/0706.0484},
	Year = {2007}}

@inproceedings{1166369,
	Address = {New York, NY, USA},
	Author = {Wright,, David R.},
	Booktitle = {SIGDOC '06: Proceedings of the 24th annual ACM international conference on Design of communication},
	Doi = {http://doi.acm.org/10.1145/1166324.1166369},
	Isbn = {1-59593-523-1},
	Location = {Myrtle Beach, SC, USA},
	Pages = {196--201},
	Publisher = {ACM},
	Title = {Research ethics and computer science: an unconsummated marriage},
	Year = {2006},
	Bdsk-Url-1 = {http://doi.acm.org/10.1145/1166324.1166369}}

@book{ethicsbook,
	Author = {Johnson,, Deborah G.},
	Isbn = {0788157183},
	Publisher = {DIANE Publishing Company},
	Title = {Computer Ethics},
	Year = {1998}}

@article{ethics4,
	Author = {George R. Milne},
	Doi = {http://dx.doi.org/10.1509/jppm.19.1.1.16934},
	Isbn = {1547-7207},
	Journal = {Journal of Public Policy & Marketing},
	Pages = {1--6},
	Title = {Privacy and Ethical Issues in Database/Interactive Marketing and Public Policy: A Research Framework and Overview of the Special Issue},
	Volume = {19},
	Year = {2000},
	Bdsk-Url-1 = {http://dx.doi.org/10.1509/jppm.19.1.1.16934}}

@article{bugliarello,
	Author = {G. Bugliarello},
	Ee = {http://www.nae.edu/NAE/bridgecom.nsf/weblinks},
	Journal = {National Academy of Engineering},
	Title = {Machine, Modifications of Nature, and Engineering Ethics},
	Year = {2005}}

@article{Maner,
	Author = {Walter Maner},
	Journal = {Science and Engineering Ethics},
	Pages = {137--154},
	Publisher = {Opragen Publications},
	Title = {The Unique Ethical Problems in Information Technology},
	Volume = {2},
	Year = {1996}}

@inproceedings{Abran,
	Address = {Washington, DC, USA},
	Author = {Abran,, Alain and Sellami,, Asma},
	Booktitle = {STEP '02: Proceedings of the 10th International Workshop on Software Technology and Engineering Practice},
	Isbn = {0-7695-1878-8},
	Pages = {185},
	Publisher = {IEEE Computer Society},
	Title = {Measurement and Metrology Requirements for Empirical Studies in Software Engineering},
	Year = {2002}}

@article{Levy,
	Address = {New York, NY, USA},
	Author = {Levy,, Henry M. and Clark,, Douglas W.},
	Doi = {http://doi.acm.org/10.1145/641567.641568},
	Issn = {0163-5964},
	Journal = {SIGARCH Comput. Archit. News},
	Number = {6},
	Pages = {5--8},
	Publisher = {ACM},
	Title = {On the use of benchmarks for measuring system performance},
	Volume = {10},
	Year = {1982},
	Bdsk-Url-1 = {http://doi.acm.org/10.1145/641567.641568}}

@inproceedings{Gurumani,
	Address = {New York, NY, USA},
	Author = {Gurumani,, Swathi Tanjore and Milenkovic,, Aleksandar},
	Booktitle = {ACM-SE 42: Proceedings of the 42nd annual Southeast regional conference},
	Doi = {http://doi.acm.org/10.1145/986537.986599},
	Isbn = {1-58113-870-9},
	Location = {Huntsville, Alabama},
	Pages = {261--266},
	Publisher = {ACM},
	Title = {Execution characteristics of SPEC CPU2000 benchmarks: Intel C++ vs. Microsoft VC++},
	Year = {2004},
	Bdsk-Url-1 = {http://doi.acm.org/10.1145/986537.986599}}

@inproceedings{wright2,
	Address = {New York, NY, USA},
	Author = {Wright,, David R.},
	Booktitle = {SIGDOC '06: Proceedings of the 24th annual ACM international conference on Design of communication},
	Doi = {http://doi.acm.org/10.1145/1166324.1166369},
	Isbn = {1-59593-523-1},
	Location = {Myrtle Beach, SC, USA},
	Pages = {196--201},
	Publisher = {ACM},
	Title = {Research ethics and computer science: an unconsummated marriage},
	Year = {2006},
	Bdsk-Url-1 = {http://doi.acm.org/10.1145/1166324.1166369}}

@manual{ACMIEEcode,
	Organization = {ACM/IEEE-CS.},
	Title = {Software Engineering Code of Ethics and Professional Practice (Version 5.2)},
	Url = {http://www.acm.org/about/se-code#full},
	Year = {1999},
	Bdsk-Url-1 = {http://www.acm.org/about/se-code#full}}

@manual{ACMcode,
	Organization = {ACM Council},
	Title = {ACM Code of Ethics and Professional Conduct},
	Url = {http://www.acm.org/about/code-of-ethics},
	Year = {1997},
	Bdsk-Url-1 = {http://www.acm.org/about/code-of-ethics}}

@inproceedings{DBLP:conf/vldb/MackertL86,
	Author = {Lothar F. Mackert and Guy M. Lohman},
	Bibsource = {DBLP, http://dblp.uni-trier.de},
	Booktitle = {VLDB'86 Twelfth International Conference on Very Large Data Bases, August 25-28, 1986, Kyoto, Japan, Proceedings},
	Editor = {Wesley W. Chu and Georges Gardarin and Setsuo Ohsuga and Yahiko Kambayashi},
	Ee = {db/conf/vldb/MackertL86.html},
	Isbn = {0-934613-18-4},
	Pages = {149-159},
	Publisher = {Morgan Kaufmann},
	Title = {R* Optimizer Validation and Performance Evaluation for Distributed Queries},
	Year = {1986}}

@article{DBLP:books/aw/stonebraker86/Stonebraker86c,
	Address = {Boston, MA, USA},
	Author = {Stonebraker,, Michael},
	Book = {The INGRES papers: anatomy of a relational database system},
	Isbn = {0-201-07185-1},
	Pages = {187--196},
	Publisher = {Addison-Wesley Longman Publishing Co., Inc.},
	Title = {The design and implementation of distributed INGRES},
	Year = {1986}}

@article{Stonebraker32,
	Address = {Secaucus, NJ, USA},
	Author = {Michael Stonebraker and Paul M. Aoki and Witold Litwin and Avi Pfeffer and Adam Sah and Jeff Sidell and Carl Staelin and Andrew Yu},
	Doi = {http://dx.doi.org/10.1007/s007780050015},
	Issn = {1066-8888},
	Journal = {The VLDB Journal},
	Number = {1},
	Pages = {048--063},
	Publisher = {Springer-Verlag New York, Inc.},
	Title = {Mariposa: a wide-area distributed database system},
	Volume = {5},
	Year = {1996},
	Bdsk-Url-1 = {http://dx.doi.org/10.1007/s007780050015}}

@inproceedings{DBLP:conf/vldb/HaasKWY97,
	Author = {Laura M. Haas and Donald Kossmann and Edward L. Wimmers and Jun Yang},
	Bibsource = {DBLP, http://dblp.uni-trier.de},
	Booktitle = {VLDB'97, Proceedings of 23rd International Conference on Very Large Data Bases, August 25-29, 1997, Athens, Greece},
	Editor = {Matthias Jarke and Michael J. Carey and Klaus R. Dittrich and Frederick H. Lochovsky and Pericles Loucopoulos and Manfred A. Jeusfeld},
	Ee = {db/conf/vldb/HaasKWY97.html},
	Isbn = {1-55860-470-7},
	Pages = {276-285},
	Publisher = {Morgan Kaufmann},
	Title = {Optimizing Queries Across Diverse Data Sources},
	Year = {1997}}

@inproceedings{DBLP:conf/vldb/RothS97,
	Author = {Mary Tork Roth and Peter M. Schwarz},
	Bibsource = {DBLP, http://dblp.uni-trier.de},
	Booktitle = {VLDB'97, Proceedings of 23rd International Conference on Very Large Data Bases, August 25-29, 1997, Athens, Greece},
	Editor = {Matthias Jarke and Michael J. Carey and Klaus R. Dittrich and Frederick H. Lochovsky and Pericles Loucopoulos and Manfred A. Jeusfeld},
	Ee = {db/conf/vldb/RothS97.html},
	Isbn = {1-55860-470-7},
	Pages = {266-275},
	Publisher = {Morgan Kaufmann},
	Title = {Don't Scrap It, Wrap It! A Wrapper Architecture for Legacy Data Sources},
	Year = {1997}}

@inproceedings{DBLP:conf/sigmod/RodriguezR00,
	Author = {Manuel Rodriguez-Martinez and Nick Roussopoulos},
	Bibsource = {DBLP, http://dblp.uni-trier.de},
	Booktitle = {Proceedings of the 2000 ACM SIGMOD International Conference on Management of Data, May 16-18, 2000, Dallas, Texas, USA},
	Editor = {Weidong Chen and Jeffrey F. Naughton and Philip A. Bernstein},
	Ee = {http://doi.acm.org/10.1145/342009.335413, db/conf/sigmod/RodriguezR00.html},
	Isbn = {1-58113-218-2},
	Pages = {213-224},
	Publisher = {ACM},
	Title = {MOCHA: A Self-Extensible Database Middleware System for Distributed Data Sources},
	Year = {2000}}

@inproceedings{DBLP:conf/vldb/ZadorozhnyGRY05,
	Author = {Vladimir Zadorozhny and Avigdor Gal and Louiqa Raschid and Qiang Ye},
	Bibsource = {DBLP, http://dblp.uni-trier.de},
	Booktitle = {VLDB},
	Ee = {http://www.vldb.org/conf/2005/papers/p1287-zadorozhny.pdf},
	Pages = {1287-1290},
	Title = {AReNA: Adaptive Distributed Catalog Infrastructure Based On Relevance Networks},
	Year = {2005}}

@inproceedings{gray,
	Address = {New York, NY, USA},
	Author = {Gray,, Jim and Helland,, Pat and O'Neil,, Patrick and Shasha,, Dennis},
	Booktitle = {SIGMOD '96: Proceedings of the 1996 ACM SIGMOD international conference on Management of data},
	Doi = {http://doi.acm.org/10.1145/233269.233330},
	Isbn = {0-89791-794-4},
	Location = {Montreal, Quebec, Canada},
	Pages = {173--182},
	Publisher = {ACM},
	Title = {The dangers of replication and a solution},
	Year = {1996},
	Bdsk-Url-1 = {http://doi.acm.org/10.1145/233269.233330}}

@article{Wolfson,
	Address = {New York, NY, USA},
	Author = {Wolfson,, Ouri and Jajodia,, Sushil and Huang,, Yixiu},
	Doi = {http://doi.acm.org/10.1145/249978.249982},
	Issn = {0362-5915},
	Journal = {ACM Trans. Database Syst.},
	Number = {2},
	Pages = {255--314},
	Publisher = {ACM},
	Title = {An adaptive data replication algorithm},
	Volume = {22},
	Year = {1997},
	Bdsk-Url-1 = {http://doi.acm.org/10.1145/249978.249982}}

@inproceedings{Kemme,
	Address = {San Francisco, CA, USA},
	Author = {Kemme, Bettina and Alonso, Gustavo},
	Booktitle = {VLDB '00: Proceedings of the 26th International Conference on Very Large Data Bases},
	Isbn = {1-55860-715-3},
	Pages = {134--143},
	Publisher = {Morgan Kaufmann Publishers Inc.},
	Title = {Don't Be Lazy, Be Consistent: Postgres-R, A New Way to Implement Database Replication},
	Year = {2000}}

@inproceedings{Eickler,
	Address = {San Francisco, CA, USA},
	Author = {Eickler,, Andr\'{e} and Kemper,, Alfons and Kossmann,, Donald},
	Booktitle = {VLDB '97: Proceedings of the 23rd International Conference on Very Large Data Bases},
	Isbn = {1-55860-470-7},
	Pages = {336--345},
	Publisher = {Morgan Kaufmann Publishers Inc.},
	Title = {Finding Data in the Neighborhood},
	Year = {1997}}

@inproceedings{Cecchet,
	Address = {New York, NY, USA},
	Author = {Cecchet,, Emmanuel and Candea,, George and Ailamaki,, Anastasia},
	Booktitle = {SIGMOD '08: Proceedings of the 2008 ACM SIGMOD international conference on Management of data},
	Doi = {http://doi.acm.org/10.1145/1376616.1376691},
	Isbn = {978-1-60558-102-6},
	Location = {Vancouver, Canada},
	Pages = {739--752},
	Publisher = {ACM},
	Title = {Middleware-based database replication: the gaps between theory and practice},
	Year = {2008},
	Bdsk-Url-1 = {http://doi.acm.org/10.1145/1376616.1376691}}

@article{Alonso2,
	Address = {New York, NY, USA},
	Author = {Marta Patino-Martinez and Ricardo Jim\'{e}nez-Peris and Bettina Kemme and Gustavo Alonso},
	Doi = {http://doi.acm.org/10.1145/1113574.1113576},
	Issn = {0734-2071},
	Journal = {ACM Trans. Comput. Syst.},
	Number = {4},
	Pages = {375--423},
	Publisher = {ACM},
	Title = {MIDDLE-R: Consistent database replication at the middleware level},
	Volume = {23},
	Year = {2005},
	Bdsk-Url-1 = {http://doi.acm.org/10.1145/1113574.1113576}}

@inproceedings{Labrinidis1,
	Author = {Alexandros Labrinidis and Nick Roussopoulos},
	Bibsource = {DBLP, http://dblp.uni-trier.de},
	Booktitle = {VLDB},
	Ee = {http://www.vldb.org/conf/2001/P391.pdf},
	Pages = {391-400},
	Title = {Update Propagation Strategies for Improving the Quality of Data on the Web},
	Year = {2001}}

@inproceedings{Labrinidis2,
	Author = {Labrinidis,, Alexandros and Roussopoulos,, Nick},
	Booktitle = {VLDB '2003: Proceedings of the 29th international conference on Very large data bases},
	Isbn = {0-12-722442-4},
	Location = {Berlin, Germany},
	Pages = {393--404},
	Publisher = {VLDB Endowment},
	Title = {Balancing performance and data freshness in web database servers},
	Year = {2003}}

@inproceedings{freshness,
	Author = {Uwe R{\"o}hm and Klemens B{\"o}hm and Hans-J{\"o}rg Schek and Heiko Schuldt},
	Bibsource = {DBLP, http://dblp.uni-trier.de},
	Booktitle = {VLDB},
	Ee = {http://www.vldb.org/conf/2002/S21P03.pdf},
	Optcrossref = {DBLP:conf/vldb/2002},
	Pages = {754-765},
	Title = {FAS - A Freshness-Sensitive Coordination Middleware for a Cluster of OLAP Components},
	Year = {2002}}

@inproceedings{Bright,
	Author = {Laura Bright and Louiqa Raschid},
	Bibsource = {DBLP, http://dblp.uni-trier.de},
	Booktitle = {VLDB},
	Ee = {http://www.vldb.org/conf/2002/S16P01.pdf},
	Optcrossref = {DBLP:conf/vldb/2002},
	Pages = {550-561},
	Title = {Using Latency-Recency Profiles for Data Delivery on the Web},
	Year = {2002}}

@article{polydomy,
	Author = {G. Debout and B. Schatz and M. Elias and D. Mckey},
	Journal = {Biological Journal of the Linnean Society},
	Number = {2},
	Title = {Polydomy in ants: what we know, what we think we know, and what remains to be done},
	Volume = {90},
	Year = {2007}}

@article{Bert,
	Author = {Holldobler, Bert and Lumsden, Charles J.},
	Doi = {10.1126/science.210.4471.732},
	Eprint = {http://www.sciencemag.org/cgi/reprint/210/4471/732.pdf},
	Journal = {Science},
	Number = {4471},
	Pages = {732-739},
	Title = {{Territorial Strategies in Ants}},
	Url = {http://www.sciencemag.org/cgi/content/abstract/210/4471/732},
	Volume = {210},
	Year = {1980},
	Bdsk-Url-1 = {http://www.sciencemag.org/cgi/content/abstract/210/4471/732},
	Bdsk-Url-2 = {http://dx.doi.org/10.1126/science.210.4471.732}}

@inbook{paretoBounded,
	Author = {Joshua Knowles and David Corne},
	Chapter = {Bounded {P}areto Archiving: Theory and Practice},
	Editor = {X. Gandibleux and M. Sevaux and K. S\"orensen and V. \relax{T'Kindt}},
	Optannote = {ISBN: 3-540-20637-X},
	Pages = {39--64},
	Publisher = {Springer},
	Series = {Lecture Notes in Economics and Mathematical Systems},
	Title = {Metaheuristics for Multiobjective Optimisation},
	Volume = {535},
	Year = {2004}}

@book{Trivedi,
	Address = {Chichester, UK, UK},
	Author = {Trivedi,, Kishor S.},
	Isbn = {0-471-33341-7},
	Publisher = {John Wiley and Sons Ltd.},
	Title = {Probability and statistics with reliability, queuing and computer science applications},
	Year = {2002}}

@inproceedings{elianaAMS,
	Address = {Bali, Indonesia},
	Author = {Valenzuela-Andrade, Eliana and Rodriguez-Martinez, Manuel},
	Booktitle = {Third Asia International Conference on Modelling and Simulation},
	Title = {Autonomic Ranking and Characterization of Data Sources and Query Processing Sites using Ant Colony Theory},
	Year = {2009}}

@inproceedings{564698,
	Address = {New York, NY, USA},
	Author = {Samuel Madden and Mehul Shah and Joseph M. Hellerstein and Vijayshankar Raman},
	Booktitle = {SIGMOD '02: Proceedings of the 2002 ACM SIGMOD international conference on Management of data},
	Doi = {http://doi.acm.org/10.1145/564691.564698},
	Isbn = {1-58113-497-5},
	Location = {Madison, Wisconsin},
	Pages = {49--60},
	Publisher = {ACM},
	Title = {Continuously adaptive continuous queries over streams},
	Year = {2002},
	Bdsk-Url-1 = {http://doi.acm.org/10.1145/564691.564698}}

@inproceedings{191872,
	Address = {New York, NY, USA},
	Author = {Richard L. Cole and Goetz Graefe},
	Booktitle = {SIGMOD '94: Proceedings of the 1994 ACM SIGMOD international conference on Management of data},
	Doi = {http://doi.acm.org/10.1145/191839.191872},
	Isbn = {0-89791-639-5},
	Location = {Minneapolis, Minnesota, United States},
	Pages = {150--160},
	Publisher = {ACM},
	Title = {Optimization of dynamic query evaluation plans},
	Year = {1994},
	Bdsk-Url-1 = {http://doi.acm.org/10.1145/191839.191872}}

@book{Robertazzi,
	Address = {Secaucus, NJ, USA},
	Author = {Robertazzi,, Thomas G.},
	Isbn = {0387941703},
	Publisher = {Springer-Verlag New York, Inc.},
	Title = {Computer Networks and Systems: Queueing Theory and Performance Evaluation},
	Year = {1994}}

@article{ACOappl1,
	Author = {Karimi and Rouhani},
	Citeulike-Article-Id = {3942531},
	Doi = {10.1007/s10115-008-0182-y},
	Journal = {Knowledge and Information Systems},
	Posted-At = {2009-01-26 00:39:20},
	Title = {A new ant colony optimization based algorithm for data allocation problem in distributed databases},
	Url = {http://dx.doi.org/10.1007/s10115-008-0182-y},
	Bdsk-Url-1 = {http://dx.doi.org/10.1007/s10115-008-0182-y}}

@article{ACOappl2,
	Address = {London, UK},
	Author = {Socha,, Krzysztof and Blum,, Christian},
	Doi = {http://dx.doi.org/10.1007/s00521-007-0084-z},
	Issn = {0941-0643},
	Journal = {Neural Comput. Appl.},
	Number = {3},
	Pages = {235--247},
	Publisher = {Springer-Verlag},
	Title = {An ant colony optimization algorithm for continuous optimization: application to feed-forward neural network training},
	Volume = {16},
	Year = {2007},
	Bdsk-Url-1 = {http://dx.doi.org/10.1007/s00521-007-0084-z}}

@inproceedings{ACOappl3,
	Author = {Kwang Mong Sim and Weng Hong Sun},
	Doi = {10.1109/CW.2002.1180890},
	Journal = {Cyber Worlds, 2002. Proceedings. First International Symposium on},
	Keywords = {artificial life, computer networks, mobile agents, optimisation, problem solving, telecommunication network routing autonomous agent, computer network routing, distributed problem solving paradigm, mobile agent, multiple ant-colony optimization, network congestion, swarm intelligence},
	Pages = {277-281},
	Title = {Multiple ant-colony optimization for network routing},
	Year = {2002},
	Bdsk-Url-1 = {http://dx.doi.org/10.1109/CW.2002.1180890}}

@article{ACOappl4,
	Author = {Kwang Mong Sim and Weng Hong Sun},
	Doi = {10.1109/TSMCA.2003.817391},
	Issn = {1083-4427},
	Journal = {Systems, Man and Cybernetics, Part A: Systems and Humans, IEEE Transactions on},
	Keywords = {mobile agents, optimisation, problem solving, resource allocation, telecommunication network routing ASGA, AntNet, SynthECA, adaptivity, aging, ant colony optimization, collective intelligence, computer networking, evaporation, load-balancing, mobile agent, multiple ant colony optimization, pheromone limiting, pheromone smoothing, pheromone-heuristic control, privileged pheromone laying, problem-solving paradigm, routing algorithms, routing information, routing overhead, shortest path, stagnation mitigation, swarm intelligence},
	Month = {Sept.},
	Number = {5},
	Pages = {560-572},
	Title = {Ant colony optimization for routing and load-balancing: survey and new directions},
	Volume = {33},
	Year = {2003},
	Bdsk-Url-1 = {http://dx.doi.org/10.1109/TSMCA.2003.817391}}

@inproceedings{ACOappl5,
	Address = {New York, NY, USA},
	Author = {Lakshmanan,, Geetika T. and Strom,, Robert E.},
	Booktitle = {Middleware '08: Proceedings of the 9th ACM/IFIP/USENIX International Conference on Middleware},
	Isbn = {3-540-89855-7},
	Location = {Leuven, Belgium},
	Pages = {223--242},
	Publisher = {Springer-Verlag New York, Inc.},
	Title = {Biologically-inspired distributed middleware management for stream processing systems},
	Year = {2008}}

@book{risk1,
	Author = {Christopher L. Culp},
	Isbn = {047140554X, 9780471405542},
	Publisher = {John Wiley and Sons},
	Title = {The risk management process: business strategy and tactics},
	Year = {2001}}

@book{risk2,
	Author = {Philippe Jorion},
	Isbn = {0470126302, 9780470126301},
	Publisher = {John Wiley and Sons},
	Title = {Financial risk manager handbook},
	Year = {2007}}
